@misc{kasiski,
    title = {Kasiski's Method},
    howpublished ={\url{https://pages.mtu.edu/~shene/NSF-4/Tutorial/VIG/Vig-Kasiski.html}},
    note = {Accessed: 2024-12-03}
}